% -----------------------------------------------------------------------
% File: CogSci_Template.bib
% -----------------------------------------------------------------------

% Modified : Eli M. Silk (esilk at pitt.edu)            05/24/2005
% Modified : David Noelle (dnoelle at ucmerced.edu)     11/19/2014
% -----------------------------------------------------------------------
% File: CogSci_Template.bib
% -----------------------------------------------------------------------

% Modified : Eli M. Silk (esilk at pitt.edu)            05/24/2005
% Modified : David Noelle (dnoelle at ucmerced.edu)     11/19/2014




@article{palminteri2022computational,
  title={The computational roots of positivity and confirmation biases in reinforcement learning},
  author={Palminteri, Stefano and Lebreton, Ma{\"e}l},
  journal={Trends in cognitive sciences},
  volume={26},
  number={7},
  pages={607--621},
  year={2022},
  publisher={Elsevier}
}

@article{lefebvre2022normative,
  title={A normative account of confirmation bias during reinforcement learning},
  author={Lefebvre, Germain and Summerfield, Christopher and Bogacz, Rafal},
  journal={Neural computation},
  volume={34},
  number={2},
  pages={307--337},
  year={2022},
  publisher={MIT Press One Rogers Street, Cambridge, MA 02142-1209, USA journals-info~â€¦}
}
@article{palminteri2017confirmation,
  title={Confirmation bias in human reinforcement learning: Evidence from counterfactual feedback processing},
  author={Palminteri, Stefano and Lefebvre, Germain and Kilford, Emma J and Blakemore, Sarah-Jayne},
  journal={PLoS computational biology},
  volume={13},
  number={8},
  pages={e1005684},
  year={2017},
  publisher={Public Library of Science San Francisco, CA USA}
}
@article{tarantola2021confirmation,
  title={Confirmation bias optimizes reward learning},
  author={Tarantola, Tor and Folke, Tomas and Boldt, Annika and P{\'e}rez, Omar D and Martino, Benedetto De},
  journal={BioRxiv},
  pages={2021--02},
  year={2021},
  publisher={Cold Spring Harbor Laboratory}
}
@article{palminteri2023choice,
  title={Choice-confirmation bias and gradual perseveration in human reinforcement learning.},
  author={Palminteri, Stefano},
  journal={Behavioral Neuroscience},
  volume={137},
  number={1},
  pages={78},
  year={2023},
  publisher={American Psychological Association}
}
@article{barron1989bellman,
  title={The Bellman equation for minimizing the maximum cost.},
  author={Barron, EN and Ishii, H},
  journal={NONLINEAR ANAL. THEORY METHODS APPLIC.},
  volume={13},
  number={9},
  pages={1067--1090},
  year={1989}
}
@article{watkins1992q,
  title={Q-learning},
  author={Watkins, Christopher JCH and Dayan, Peter},
  journal={Machine learning},
  volume={8},
  pages={279--292},
  year={1992},
  publisher={Springer}
}
@inproceedings{hester2018deep,
  title={Deep q-learning from demonstrations},
  author={Hester, Todd and Vecerik, Matej and Pietquin, Olivier and Lanctot, Marc and Schaul, Tom and Piot, Bilal and Horgan, Dan and Quan, John and Sendonaris, Andrew and Osband, Ian and others},
  booktitle={Proceedings of the AAAI conference on artificial intelligence},
  volume={32},
  number={1},
  year={2018}
}
@article{lv2019stochastic,
  title={Stochastic double deep Q-network},
  author={Lv, Pingli and Wang, Xuesong and Cheng, Yuhu and Duan, Ziming},
  journal={IEEE Access},
  volume={7},
  pages={79446--79454},
  year={2019},
  publisher={IEEE}
}


@article{confirmation,
	author = {Peters, Uwe},
	date = {2022/06/01},
	date-added = {2024-05-09 01:13:54 -0400},
	date-modified = {2024-05-09 01:13:54 -0400},
	doi = {10.1007/s10670-020-00252-1},
	id = {Peters2022},
	isbn = {1572-8420},
	journal = {Erkenntnis},
	number = {3},
	pages = {1351--1376},
	title = {What Is the Function of Confirmation Bias?},
	url = {https://doi.org/10.1007/s10670-020-00252-1},
	volume = {87},
	year = {2022},
	bdsk-url-1 = {https://doi.org/10.1007/s10670-020-00252-1}}


@article{RSTD,
	article_type = {journal},
	author = {Rosenbaum, Gail M and Grassie, Hannah L and Hartley, Catherine A},
	citation = {eLife 2022;11:e64620},
	doi = {10.7554/eLife.64620},
	editor = {Schlichting, Margaret L and Frank, Michael J},
	issn = {2050-084X},
	journal = {eLife},
	keywords = {valence asymmetries, reinforcement learning, memory, adolescence, decision making, individual diferences},
	month = {jan},
	pages = {e64620},
	pub_date = {2022-01-24},
	publisher = {eLife Sciences Publications, Ltd},
	title = {Valence biases in reinforcement learning shift across adolescence and modulate subsequent memory},
	url = {https://doi.org/10.7554/eLife.64620},
	volume = {11},
	year = {2022},
	bdsk-url-1 = {https://doi.org/10.7554/eLife.64620}}

@article{baye,
	author = {Zimper, Alexander and Ludwig, Alexander},
	date = {2009/10/01},
	date-added = {2024-05-09 03:39:32 -0400},
	date-modified = {2024-05-09 03:39:32 -0400},
	doi = {10.1007/s11166-009-9074-0},
	id = {Zimper2009},
	isbn = {1573-0476},
	journal = {Journal of Risk and Uncertainty},
	number = {2},
	pages = {181--212},
	title = {On attitude polarization under Bayesian learning with non-additive beliefs},
	url = {https://doi.org/10.1007/s11166-009-9074-0},
	volume = {39},
	year = {2009},
	bdsk-url-1 = {https://doi.org/10.1007/s11166-009-9074-0}}

% -----------------------------------------------------------------------
% Document End
% -----------------------------------------------------------------------
